<record><leader>00000cas a2200000 a 4500</leader><controlfield tag="001">12019153</controlfield><controlfield tag="008">850510d18391839nyumr ne      0    0eng c</controlfield><datafield ind1=" " ind2=" " tag="010"><subfield code="a">sn 91069171 </subfield></datafield><datafield ind1=" " ind2=" " tag="040"><subfield code="a">MSH</subfield><subfield code="b">eng</subfield><subfield code="c">MSH</subfield><subfield code="d">ONP</subfield><subfield code="d">NYS</subfield><subfield code="d">OCL</subfield><subfield code="d">NYS</subfield><subfield code="d">DLC</subfield><subfield code="d">NYS</subfield><subfield code="d">OCL</subfield><subfield code="d">CVF</subfield><subfield code="d">OCLCQ</subfield><subfield code="d">OCLCF</subfield><subfield code="d">OCLCO</subfield></datafield><datafield ind1=" " ind2=" " tag="042"><subfield code="a">pcc</subfield></datafield><datafield ind1=" " ind2=" " tag="043"><subfield code="a">n-us---</subfield><subfield code="a">n-us-ny</subfield></datafield><datafield ind1="0" ind2="0" tag="245"><subfield code="a">Anti-slavery lecturer.</subfield></datafield><datafield ind1=" " ind2=" " tag="260"><subfield code="a">Utica [New York] :</subfield><subfield code="b">N.Y.S.A.S. Society,</subfield><subfield code="c">1839.</subfield></datafield><datafield ind1=" " ind2=" " tag="300"><subfield code="a">v.</subfield></datafield><datafield ind1=" " ind2=" " tag="310"><subfield code="a">Monthly</subfield></datafield><datafield ind1="0" ind2=" " tag="362"><subfield code="a">Vol. 1, no. 1 (Jan. 1, 1839)-v. 1, no. 12 (Dec. 1839).</subfield></datafield><datafield ind1=" " ind2=" " tag="550"><subfield code="a">Issued by: New York State Anti-Slavery Society.</subfield></datafield><datafield ind1=" " ind2="0" tag="650"><subfield code="a">Antislavery movements</subfield><subfield code="z">United States</subfield><subfield code="v">Newspapers.</subfield></datafield><datafield ind1=" " ind2="0" tag="650"><subfield code="a">Abolitionists</subfield><subfield code="v">Newspapers.</subfield></datafield><datafield ind1=" " ind2="0" tag="651"><subfield code="a">Utica (N.Y.)</subfield><subfield code="v">Newspapers.</subfield></datafield><datafield ind1=" " ind2="7" tag="655"><subfield code="a">Newspapers.</subfield><subfield code="2">fast</subfield><subfield code="0">(OCoLC)fst01423814</subfield></datafield><datafield ind1=" " ind2="7" tag="650"><subfield code="a">Abolitionists.</subfield><subfield code="2">fast</subfield><subfield code="0">(OCoLC)fst00794478</subfield></datafield><datafield ind1=" " ind2="7" tag="650"><subfield code="a">Antislavery movements.</subfield><subfield code="2">fast</subfield><subfield code="0">(OCoLC)fst00810800</subfield></datafield><datafield ind1=" " ind2="7" tag="651"><subfield code="a">New York (State)</subfield><subfield code="z">Utica.</subfield><subfield code="2">fast</subfield><subfield code="0">(OCoLC)fst01207805</subfield></datafield><datafield ind1=" " ind2="7" tag="651"><subfield code="a">United States.</subfield><subfield code="2">fast</subfield><subfield code="0">(OCoLC)fst01204155</subfield></datafield><datafield ind1="2" ind2=" " tag="710"><subfield code="a">New York State Anti-Slavery Society.</subfield></datafield><datafield ind1=" " ind2=" " tag="752"><subfield code="a">United States</subfield><subfield code="b">New York</subfield><subfield code="c">Oneida</subfield><subfield code="d">Utica.</subfield></datafield><datafield ind1="0" ind2="4" tag="785"><subfield code="t">Friend of man (Utica, N.Y.)</subfield><subfield code="w">(DLC)sn 83031840</subfield><subfield code="w">(OCoLC)4657838</subfield></datafield></record>